<?xml version="1.0" encoding="UTF-8" ?><marc:collection xmlns:marc="http://www.loc.gov/MARC21/slim" xmlns:xsi="http://www.w3.org/2001/XMLSchema-instance" xsi:schemaLocation="http://www.loc.gov/MARC21/slim http://www.loc.gov/standards/marcxml/schema/MARC21slim.xsd">
<marc:record><marc:leader>02606cam a2200445 i 4500</marc:leader>
<marc:controlfield tag="001">b12647706</marc:controlfield>
<marc:controlfield tag="003">UaCaAUL</marc:controlfield><marc:controlfield tag="005">20191009112946.0</marc:controlfield><marc:controlfield tag="008">961108s1922    ua            000 0 ara  </marc:controlfield><marc:datafield tag="010" ind1=" " ind2=" "><marc:subfield code="a">72284759</marc:subfield></marc:datafield><marc:datafield tag="035" ind1=" " ind2=" "><marc:subfield code="a">(OCoLC)32523007</marc:subfield><marc:subfield code="z">(OCoLC)318940412</marc:subfield></marc:datafield><marc:datafield tag="040" ind1=" " ind2=" "><marc:subfield code="a">DLC</marc:subfield><marc:subfield code="b">eng</marc:subfield><marc:subfield code="e">rda</marc:subfield><marc:subfield code="c">DLC</marc:subfield><marc:subfield code="d">OCLCF</marc:subfield><marc:subfield code="d">UUM</marc:subfield><marc:subfield code="d">OCLCO</marc:subfield><marc:subfield code="d">MEAUC</marc:subfield></marc:datafield><marc:datafield tag="042" ind1=" " ind2=" "><marc:subfield code="a">pcc</marc:subfield></marc:datafield><marc:datafield tag="050" ind1=" " ind2="4"><marc:subfield code="a">PJ7750.Q2</marc:subfield><marc:subfield code="b">K3 1922</marc:subfield></marc:datafield><marc:datafield tag="066" ind1=" " ind2=" "><marc:subfield code="c">(3</marc:subfield></marc:datafield><marc:datafield tag="090" ind1=" " ind2=" "><marc:subfield code="a">PJ7750.Q2</marc:subfield><marc:subfield code="b">K3 1922</marc:subfield></marc:datafield><marc:datafield tag="100" ind1="1" ind2=" "><marc:subfield code="6">880-01</marc:subfield><marc:subfield code="a">Yazdādī, ʻAbd al-Raḥmān ibn ʻAlī,</marc:subfield><marc:subfield code="e">author.</marc:subfield></marc:datafield><marc:datafield tag="245" ind1="1" ind2="0"><marc:subfield code="6">880-02</marc:subfield><marc:subfield code="a">Kamāl al-balāghah :</marc:subfield><marc:subfield code="b">wa-huwa Rasāʼil Shams al-Maʻālī Qābūs ibn Washmakīr : wa-fīhi rasāʼil Qābūs ilá Ibn al-ʻAmīd wa-ghayrihi wa- rasāʼiluhu ilá al-Ṣāḥib ibn ʻAbbād wa-ajwibat al-Ṣāḥib ibn ʻAbbād wa- rasāʼil Qābūs al-falsafīyah /</marc:subfield><marc:subfield code="c">taʼlīf ʻAbd al-Raḥmān ibn ʻAlī al-Yazdādī.</marc:subfield></marc:datafield><marc:datafield tag="246" ind1="3" ind2="0"><marc:subfield code="6">880-03</marc:subfield><marc:subfield code="a">Rasāʼil.</marc:subfield></marc:datafield><marc:datafield tag="264" ind1=" " ind2="1"><marc:subfield code="6">880-04</marc:subfield><marc:subfield code="a">al-Qāhirah :</marc:subfield><marc:subfield code="b">al-Maṭbaʻah al-Salafīyah,</marc:subfield><marc:subfield code="c">1341 [1922 or 1923]</marc:subfield></marc:datafield><marc:datafield tag="300" ind1=" " ind2=" "><marc:subfield code="a">112 pages ;</marc:subfield><marc:subfield code="c">24 cm.</marc:subfield></marc:datafield><marc:datafield tag="336" ind1=" " ind2=" "><marc:subfield code="a">text</marc:subfield><marc:subfield code="b">txt</marc:subfield><marc:subfield code="2">rdacontent.</marc:subfield></marc:datafield><marc:datafield tag="337" ind1=" " ind2=" "><marc:subfield code="a">unmediated</marc:subfield><marc:subfield code="b">n</marc:subfield><marc:subfield code="2">rdamedia.</marc:subfield></marc:datafield><marc:datafield tag="338" ind1=" " ind2=" "><marc:subfield code="a">volume</marc:subfield><marc:subfield code="b">nc</marc:subfield><marc:subfield code="2">rdacarrier.</marc:subfield></marc:datafield><marc:datafield tag="500" ind1=" " ind2=" "><marc:subfield code="6">880-05</marc:subfield><marc:subfield code="a">Ṭubiʻa ʻalá nafaqat al-Maktabah al-ʻArabīyah - bi-Baghdād li-ṣāḥibahā Nuʻmān al-Aʻẓamī.</marc:subfield></marc:datafield><marc:datafield tag="504" ind1=" " ind2=" "><marc:subfield code="a">Includes bibliographical references.</marc:subfield></marc:datafield><marc:datafield tag="600" ind1="0" ind2="0"><marc:subfield code="6">880-06</marc:subfield><marc:subfield code="a">Qābūs ibn Washmakīr,</marc:subfield><marc:subfield code="d">-1012 or 1013.</marc:subfield><marc:subfield code="t">Correspondence. </marc:subfield></marc:datafield><marc:datafield tag="650" ind1=" " ind2="0"><marc:subfield code="a">Arabic language</marc:subfield><marc:subfield code="x">Rhetoric.</marc:subfield></marc:datafield><marc:datafield tag="700" ind1="0" ind2=" "><marc:subfield code="6">880-07</marc:subfield><marc:subfield code="a">Qābūs ibn Washmakīr,</marc:subfield><marc:subfield code="d">-1012 or 1013.</marc:subfield><marc:subfield code="t">Correspondence.</marc:subfield></marc:datafield><marc:datafield tag="880" ind1="0" ind2=" "><marc:subfield code="6">100-01/(3/r</marc:subfield><marc:subfield code="a">يزدادي، عبد الرحمن بن علي..</marc:subfield></marc:datafield><marc:datafield tag="880" ind1="1" ind2="0"><marc:subfield code="6">245-02/(3/r</marc:subfield><marc:subfield code="a">كمال البلاغة :‪</marc:subfield><marc:subfield code="b">وهو رسائل شمس المعالي قابوس بن وشمكير : وفيه رسائل قابوس إلى إبن العميد وغيره و رسائله إلى الصاحب بن عباد وأجوبة الصاحب بن عباد و رسائل قابوس الفلسفية /‪</marc:subfield><marc:subfield code="c">تأليف عبد الرحمن بن علي اليزدادي..</marc:subfield></marc:datafield><marc:datafield tag="880" ind1="3" ind2="0"><marc:subfield code="6">246-03/(3/r</marc:subfield><marc:subfield code="a">رسائل..</marc:subfield></marc:datafield><marc:datafield tag="880" ind1=" " ind2="1"><marc:subfield code="6">264-04/(3/r</marc:subfield><marc:subfield code="a">القاهرة :‪</marc:subfield><marc:subfield code="b">المطبعة السلفية،‪</marc:subfield><marc:subfield code="c">1341 [1922 or 1923]</marc:subfield></marc:datafield><marc:datafield tag="880" ind1=" " ind2=" "><marc:subfield code="6">500-05/(3/r</marc:subfield><marc:subfield code="a">طبع على نفقة المكتبة العربية - ببغداد لصاحبها نعمان الأعظمي..</marc:subfield></marc:datafield><marc:datafield tag="880" ind1="0" ind2="0"><marc:subfield code="6">600-06/(3/r</marc:subfield><marc:subfield code="a">قابوس بن وشمكير،‪</marc:subfield><marc:subfield code="d">-1012 أو 1013.</marc:subfield></marc:datafield><marc:datafield tag="880" ind1="1" ind2=" "><marc:subfield code="6">700-07/(3/r</marc:subfield><marc:subfield code="a">قابوس بن وشمكير،‪</marc:subfield><marc:subfield code="d">-1012 أو 1013.</marc:subfield></marc:datafield><marc:datafield tag="907" ind1=" " ind2=" "><marc:subfield code="a">.b12647706</marc:subfield><marc:subfield code="b">main </marc:subfield></marc:datafield><marc:datafield tag="902" ind1=" " ind2=" "><marc:subfield code="a">191030</marc:subfield></marc:datafield><marc:datafield tag="998" ind1=" " ind2=" "><marc:subfield code="b">1</marc:subfield><marc:subfield code="c">010429</marc:subfield><marc:subfield code="d">m</marc:subfield><marc:subfield code="e">~</marc:subfield><marc:subfield code="f">-</marc:subfield><marc:subfield code="g">0</marc:subfield><marc:subfield code="k">MAH</marc:subfield></marc:datafield><marc:datafield tag="945" ind1=" " ind2=" "><marc:subfield code="l">main </marc:subfield></marc:datafield></marc:record>
</marc:collection>
